@online{spi-cs,
  title     = {spi-bcm2835 3f204000.spi: chipselect 0 already in use},
  author    = {},
  year      = {2016},
  publisher = {Raspberrypi Forum},
  urldate   = {2022-05-27},
  url       = {https://forums.raspberrypi.com/viewtopic.php?t=151423}
}

@online{rdc,
  title     = {Current through a Resistor, Diode and Capacitor in Series},
  author    = {playduck},
  year      = {2022},
  publisher = {StackExchange},
  urldate   = {2022-05-28},
  url       = {https://electronics.stackexchange.com/questions/621335/current-through-resistor-diode-and-capacitor-in-series}
}
