@online{chollet2015keras,
  title     = {Keras},
  author    = {Chollet, Francois and others},
  year      = {2015},
  publisher = {GitHub},
  urldate   = {2021-06-21},
  url       = {https://github.com/fchollet/keras}
}

@incollection{mickey,
  author    = {Pat McGreal and CarolMcGreal and Peter Höpfner and Massime Fecchi},
  title     = {Reif für die Insel},
  booktitle = {LTB},
  volume    = {353},
  publisher = {Egmont Ehapa},
  year      = {2006},
  url       = {https://www.duckipedia.de/Datei:Reif-für-die-Insel.jpg}
}

@online{mnist,
  title   = {{THE MNIST DATABASE of handwritten digits}},
  year    = 2021,
  url     = {http://yann.lecun.com/exdb/mnist/},
  author  = {Yann LeCun and Corinna Cortes and Christopher J.C. Burges},
  urldate = {2021-06-21}
}

@onlin{mnist-image,
  url     = {https://commons.wikimedia.org/wiki/File:MnistExamples.png},
  urldate = {2021-06-22},
  title   = {MnistExamples},
  author  = {Josef Steppan},
  date    = {2017-12-14}
}

@online{tensorflow-apple,
  url     = {https://github.com/apple/tensorflow_macos},
  urldate = {2021-06-21},
  editor  = {{Apple Inc}},
  year    = {2021},
  title   = {{tensorflow\_macos}}
}

@online{tensorflow-mnist,
  title   = {MNIST classification},
  year    = 2021,
  url     = {https://www.tensorflow.org/quantum/tutorials/mnist},
  urldate = {2021-06-21},
  editor  = {{TensorFlow}}
}

@misc{tensorflow2015-whitepaper,
  title   = { {TensorFlow}: Large-Scale Machine Learning on Heterogeneous Systems},
  url     = {https://www.tensorflow.org/},
  urldate = {2021-06-21},
  author  = {
    Mart\'{i}n~Abadi and
    Ashish~Agarwal and
    Paul~Barham and
    Eugene~Brevdo and
    Zhifeng~Chen and
    Craig~Citro and
    Greg~S.~Corrado and
    Andy~Davis and
    Jeffrey~Dean and
    Matthieu~Devin and
    Sanjay~Ghemawat and
    Ian~Goodfellow and
    Andrew~Harp and
    Geoffrey~Irving and
    Michael~Isard and
    Yangqing Jia and
    Rafal~Jozefowicz and
    Lukasz~Kaiser and
    Manjunath~Kudlur and
    Josh~Levenberg and
    Dandelion~Man\'{e} and
    Rajat~Monga and
    Sherry~Moore and
    Derek~Murray and
    Chris~Olah and
    Mike~Schuster and
    Jonathon~Shlens and
    Benoit~Steiner and
    Ilya~Sutskever and
    Kunal~Talwar and
    Paul~Tucker and
    Vincent~Vanhoucke and
    Vijay~Vasudevan and
    Fernanda~Vi\'{e}gas and
    Oriol~Vinyals and
    Pete~Warden and
    Martin~Wattenberg and
    Martin~Wicke and
    Yuan~Yu and
    Xiaoqiang~Zheng},
  year    = {2015}
}

@article{memCnn,
  author          = {Peng Yao and Huaqiang Wu and Bin Gao and Jianshi Tangand Qingtian Zhangand Wenqiang Zhangand J. Joshua Yang and He Qian },
  title           = {Fully hardware-implemented memristor convolutional neural network},
  journal         = {nature},
  volume          = {577},
  pages           = {641–646},
  date            = {2020-01-29},
  year            = {2020},
  doi             = {https://doi.org/10.1038/s41586-020-1942-4},
  url             = {https://www.nature.com/articles/s41586-020-1942-4},
  urldate         = {2021-06-28},
}

@online{rpiTf,
  url={https://www.bitsy.ai/3-ways-to-install-tensorflow-on-raspberry-pi/},
  urldate={2021-07-29},
  author={Leigh Johnson},
  title={3 Ways to Install TensorFlow 2 on Raspberry Pi},
  year={2020},
  editor={{Bitsy.ai}}
}

@online{cube-ai,
  url={https://www.st.com/en/embedded-software/x-cube-ai.html},
  urldate={2021-07-29},
  title={AI expansion pack for STM32CubeMX},
  year={2021},
  editor={{STMicroelectronics}}
}

@video{cube-ai-video,
  url={https://www.youtube.com/watch?v=grgNXdkmzzQ},
  urldate={2021-07-29},
  title={Getting Started with STM32Cube.AI},
  date={2018-12-25},
  editor={{STMicroelectronics}}
}

@online{cmsis,
  url={https://github.com/ARM-software/CMSIS_5/tree/develop/CMSIS/NN},
  urldate={2021-07-31},
  title={CMSIS NN Software Library},
  year={2021},
  editor={{Arm Ltd}},
}
